@article{Brunton2016_SINDy,
  author  = {Brunton, Steven L. and Proctor, Joshua L. and Kutz, J. Nathan},
  title   = {Discovering governing equations from data by sparse identification of nonlinear dynamical systems},
  journal = {Proceedings of the National Academy of Sciences},
  volume  = {113},
  number  = {15},
  pages   = {3932--3937},
  year    = {2016},
  doi     = {10.1073/pnas.1517384113}
}

@article{Chu2020_LagrangianSINDy,
  author  = {Chu, Hoang K. and Hayashibe, Mitsuhiro},
  title   = {Discovering Interpretable Dynamics by Sparsity Promotion on Energy and the Lagrangian},
  journal = {IEEE Robotics and Automation Letters},
  volume  = {5},
  number  = {2},
  pages   = {2154--2161},
  year    = {2020},
  doi     = {10.1109/LRA.2020.2970626}
}

@article{Purnomo2023_xLSINDy,
  author  = {Purnomo, Adam and Hayashibe, Mitsuhiro},
  title   = {Sparse identification of Lagrangian for nonlinear dynamical systems via proximal gradient method},
  journal = {Scientific Reports},
  volume  = {13},
  number  = {1},
  pages   = {7919},
  year    = {2023},
  doi     = {10.1038/s41598-023-34931-0}
}

@article{Kaheman2020_SINDyPI,
  author  = {Kaheman, Kadierdan and Kutz, J. Nathan and Brunton, Steven L.},
  title   = {{SINDy-PI}: a robust algorithm for parallel implicit sparse identification of nonlinear dynamics},
  journal = {Proceedings of the Royal Society A: Mathematical, Physical and Engineering Sciences},
  volume  = {476},
  number  = {2242},
  pages   = {20200279},
  year    = {2020},
  doi     = {10.1098/rspa.2020.0279}
}

@article{Fasel2022_EnsembleSINDy,
    author = {Fasel, Urban and Kutz, J. Nathan and Brunton, Bingni W. and Brunton, Steven L.},
    title = {{Ensemble-SINDy}: robust sparse model discovery in the low-data, high-noise limit, with active learning and control},
    journal = {Proceedings of the Royal Society A: Mathematical, Physical and Engineering Sciences},
    volume = {478},
    number = {2260},
    pages = {20210904},
    year = {2022},
    doi = {10.1098/rspa.2021.0904}
}

@article{methods,
    author = {Author, A.},
    title = {See supplementary materials},
    journal = {Science},
    year = {2024}
}