%
% JOURNAL ABBREVIATIONS
%
@STRING{AMS 	= "Amer.\ Meteor.\ Soc."}
@STRING{AGU 	= "Amer.\ Geophys.\ Union"}
@STRING{AIP 	= "Amer. Inst. Phys."}
@STRING{ADGEO     = "Adv.\ Geosci."}
@STRING{AFM       = "Agric.\ For.\ Meteor."}
@STRING{AM        = "Ann.\ Meteor."}
@STRING{AN        = "Astrophys.\ Norv."}		% Astrophysica Norvegica
@STRING{AO        = "Atmos.--Ocean"}			% Atmosphere--Ocean, published by Canadian Meteorological Society (CMOS)
@STRING{AR        = "Atmos.\ Res."}			% Atmospheric Research
@STRING{ARFM      = "Annu.\ Rev.\ Fluid Mech."}
@STRING{AUMET     = "Aust.\ Meteor.\ Mag."}
@STRING{BAMS      = "Bull.\ Amer.\ Meteor.\ Soc."}
@STRING{CAP       = "Contrib.\ Atmos.\ Phys."}
@STRING{CC        = "Climate Change"}      % Climate Change 
@STRING{CCH       = "Climatic Change"}			% Climatic Change
@STRING{CDYN      = "Climate Dyn."}
@STRING{CHAOS     = "Chaos"}
@STRING{COL       = "Collier's"}
@STRING{CRS       = "Cont.\ Shelf Res."}
@STRING{DAO       = "Dyn.\ Atmos.\ Oceans"}
@STRING{ECO       = "Ecology"}
@STRING{EI        = "Earth Interact."}
@STRING{GA        = "Geophysica"}			% Geophysica, published by Geophysical Society of Finland 
@STRING{GEOMAG    = "Geophys.\ Mag."}
@STRING{GN        = "Geophys.\ Norv."}			% Geophysica Norvegica
@STRING{GRL       = "Geophys.\ Res.\ Lett."}
@STRING{GEOINT    = "Geofis.\ Int."}			% Geofisica Internacional (Mexican journal -- vols. 3--5 contained proceedings from a hurricane conference
@STRING{GEOPUB    = "Geofys.\ Publ."}
@STRING{GPC       = "Global Planet.\ Change"}
@STRING{HP        = "Health Phys."}
@STRING{IAOP      = "Izv.\ Atmos.\ Ocean.\ Phys.\ (Engl.\ Transl.)"}
@STRING{IJC       = "Int.\ J.\ Climatol."}
@STRING{JAM       = "J.\ Appl.\ Meteor."}		% renamed to name below in 2006
@STRING{JAMC      = "J.\ Appl.\ Meteor.\ Climatol."}  	% Journal of Applied Meteorology and Climatology (this journal used to be called the Journal of Applied Meteorology before 2006)
@STRING{JAS       = "J.\ Atmos.\ Sci."}
@STRING{JAOT      = "J.\ Atmos.\ Oceanic Technol."}
@STRING{JCAM      = "J.\ Climate Appl.\ Meteor."}	% from 1983--87, now JAMC
@STRING{JCLI      = "J.\ Climate"}
@STRING{JCR       = "J.\ Coastal Res."}
@STRING{JFM       = "J.\ Fluid\ Mech."}
@STRING{JEM       = "J.\ Eng.\ Math."}			% Journal of Engineering Mathematics
@STRING{JGR       = "J.\ Geophys.\ Res."}
@STRING{JHM       = "J.\ Hydrometeor."}
@STRING{JMS       = "J.\ Mar.\ Syst."}
@STRING{JM        = "J.\ Meteor."}
@STRING{JMR       = "J.\ Mar.\ Res."}
@STRING{JMSJ      = "J.\ Meteor.\ Soc.\ Japan"}
@STRING{JPO       = "J.\ Phys.\ Oceanogr."}
@STRING{JOCEAN    = "J.\ Oceanogr."}			% Journal of Oceanography
@STRING{JOSJ      = "J.\ Oceanogr.\ Soc.\ Japan"}
@STRING{JSE       = "J.\ Struct.\ Eng."}	% Journal of Structural Engineering at ASCE
@STRING{JTM       = "J.\ Tropical Meteor."}
@STRING{JWEIA     = "J.\ Wind Eng.\ Ind.\ Aerodyn."}
@STRING{MA        = "Meteor.\ Appl."}
@STRING{MAP       = "Meteor.\ Atmos.\ Phys."}
@STRING{METMON    = "Meteor.\ Monogr."}
@STRING{METZEIT   = "Meteor.\ Z."}
@STRING{MWL       = "Mar.\ Wea.\ Log"}
@STRING{MWR       = "Mon.\ Wea.\ Rev."}
@STRING{NAT       = "Nature"}
@STRING{NHR       = "Nat.\ Hazards Rev."}
@STRING{NWD       = "Natl.\ Weather Dig."}
@STRING{OA        = "Oceanol. Aeta"}
@STRING{OCEAN     = "Oceanography"}                	% a quarterly journal of The Oceanography Society
@STRING{PAG       = "Pure Appl.\ Geophys."}
@STRING{PF        = "Phys.\ Fluids"}
@STRING{PHYSD     = "Physica D"}
@STRING{PMG       = "Pap.\ Meteor.\ Geophys."}	% Papers in Meteorology and Geophysics
@STRING{PNAS      = "Proc.\ Natl.\ Acad.\ Sci.\ (USA)"}
@STRING{PRE       = "Phys.\ Rev.\ E"}
@STRING{PRSA      = "Proc.\ Roy.\ Soc."}
@STRING{PT        = "Phys.\ Today"}
@STRING{PTRS      = "Philos.\ Trans.\ Roy.\ Soc.\ London"}
@STRING{QJRMS     = "Quart.\ J.\ Roy.\ Meteor.\ Soc."}
@STRING{RGEO      = "Rev. Geophys."}
@STRING{SCI       = "Science"}
@STRING{SOLA      = "SOLA"}				% Scientific Online Letters on the Atmosphere
@STRING{TAGU      = "Eos, Trans.\ Amer.\ Geophys.\ Union"}
@STRING{TELLUS    = "Tellus"}
@STRING{TCFD      = "Theor.\ Comput.\ Fluid Dyn."}
@STRING{WEA       = "Weather"}
@STRING{WW        = "Weatherwise"}
@STRING{WF        = "Wea.\ Forecasting"}
@STRING{WMOB      = "WMO Bull."}

@article{Riemer2009_JGR_PartMC,
  author  = {Riemer, Nicole and West, Matthew and Zaveri, Rahul A. and Easter, Richard C.},
  title   = {Simulating the evolution of soot mixing state with a particle-resolved aerosol model},
  journal = {Journal of Geophysical Research: Atmospheres},
  year    = {2009},
  volume  = {114},
  pages   = {D09202},
  doi     = {10.1029/2008JD011073}
}

@article{Zaveri2008_JGR_MOSAIC,
  author  = {Zaveri, Rahul A. and Easter, Richard C. and Fast, Jerome D. and Peters, Leonid K.},
  title   = {Model for Simulating Aerosol Interactions and Chemistry (MOSAIC)},
  journal = {Journal of Geophysical Research: Atmospheres},
  year    = {2008},
  volume  = {113},
  pages   = {D13204},
  doi     = {10.1029/2007JD008782}
}


@article{Liu2016_GMD_MAM4,
  author  = {Liu, X. and Ma, P.-L. and Wang, H. and Tilmes, S. and Singh, B. and Easter, R. C. and Ghan, S. J. and Rasch, P. J.},
  title   = {Description and evaluation of a new four-mode version of the Modal Aerosol Module (MAM4) within version 5.3 of the Community Atmosphere Model},
  journal = {Geoscientific Model Development},
  year    = {2016},
  volume  = {9},
  pages   = {505--522},
  doi     = {10.5194/gmd-9-505-2016}
}


@article{Bauer2008_ACP_MATRIX,
  author  = {Bauer, Susanne E. and Wright, Douglas L. and Koch, Dorothy and Lewis, Ernie R. and McGraw, Robert and Chang, Lim-Seok and Schwartz, Stephen E. and Ruedy, Reto},
  title   = {{MATRIX} (Multiconfiguration Aerosol {TR}acker of m{IX}ing state): an aerosol microphysical module for global atmospheric models},
  journal = {Atmospheric Chemistry and Physics},
  year    = {2008},
  volume  = {8},
  pages   = {6003--6035},
  doi     = {10.5194/acp-8-6003-2008}
}

@article{Tilmes2023_GMD_CARMA,
  author  = {Tilmes, Simone and Mills, Michael J. and Zhu, Yunqian and Bardeen, Charles G. and Vitt, Francis and Yu, Pengfei and Fillmore, David and Liu, Xiaohong and Toon, Owen B. and Deshler, Terry},
  title   = {Description and performance of a sectional aerosol microphysical model in the Community Earth System Model ({CESM2})},
  journal = {Geoscientific Model Development},
  year    = {2023},
  volume  = {16},
  pages   = {6087--6117},
  doi     = {10.5194/gmd-16-6087-2023}
}

@article{Fierce2013_JGR,
  author  = {Fierce, Laura and Riemer, Nicole and Bond, Tami C.},
  title   = {When is cloud condensation nuclei activity sensitive to particle mixing state?},
  journal = {Journal of Geophysical Research: Atmospheres},
  year    = {2013},
  volume  = {118},
  number  = {24},
  pages   = {13476--13488},
  doi     = {10.1002/2013JD020608}
}


@article{Fierce2017_JGR,
  author  = {Fierce, Laura and McGraw, Robert L.},
  title   = {Multivariate quadrature for representing cloud condensation nuclei activity of aerosol populations},
  journal = {Journal of Geophysical Research: Atmospheres},
  year    = {2017},
  volume  = {122},
  number  = {18},
  pages   = {9867--9878},
  doi     = {10.1002/2016JD026335}
}


@article{Fierce2016_NatComm,
  author  = {Fierce, Laura and Bond, Tami C. and Bauer, Susanne E. and Mena, Francisco and Riemer, Nicole},
  title   = {Black carbon absorption at the global scale is affected by particle-scale diversity in composition},
  journal = {Nature Communications},
  year    = {2016},
  volume  = {7},
  pages   = {12361},
  doi     = {10.1038/ncomms12361}
}

@article{Fierce2020_PNAS,
  author  = {Fierce, Laura and Onasch, Timothy B. and Cappa, Christopher D. and Mazzoleni, Claudio and China, Swarup and Bhandari, Janarjan and Davidovits, Paul and Fischer, D. Al and Helgestad, Taylor J. and Lambe, Andrew T. and Sedlacek, Arthur J. and Smith, Geoffrey D. and Wolff, Lindsay},
  title   = {Radiative absorption enhancements by black carbon controlled by particle-to-particle heterogeneity in composition},
  journal = {Proceedings of the National Academy of Sciences},
  year    = {2020},
  volume  = {117},
  number  = {10},
  pages   = {5196--5203},
  doi     = {10.1073/pnas.1919723117}
}


@article{Fierce2015_ACP,
  author  = {Fierce, Laura and Riemer, Nicole and Bond, Tami C},
  title   = {Explaining variance in black carbon's aging timescale},
  journal = {Atmospheric Chemistry and Physics},
  year    = {2015},
  volume  = {15},
  pages   = {3173--3191},
  doi     = {10.5194/acp-15-3173-2015}
}

@article{Fierce2024_JAS,
  author  = {Fierce, Laura and Yao, Yu and Easter, Richard C. and Ma, Po-Lun and Sun, Jian and Wan, Hui and Zhang, Kai},
  title   = {Quantifying structural errors in cloud condensation nuclei activity from reduced representation of aerosol size distributions},
  journal = {Journal of Aerosol Science},
  year    = {2024},
  volume  = {181},
  pages   = {106388},
  doi     = {10.1016/j.jaerosci.2024.106388}
}

@article{Zheng2022_ACP_mixing_state,
  author  = {Yao, Yu and Curtis, Jeffrey H. and Ching, Jason and Zheng, Zhonghua and Riemer, Nicole},
  title   = {Quantifying the effects of mixing state on aerosol optical properties},
  journal = {Atmospheric Chemistry and Physics},
  year    = {2022},
  volume  = {22},
  pages   = {9265--9282},
  doi     = {10.5194/acp-22-9265-2022}
}


@article{Petters2007_ACP,
  author  = {Petters, Markus D. and Kreidenweis, Sonia M.},
  title   = {A single parameter representation of hygroscopic growth and cloud condensation nucleus activity},
  journal = {Atmospheric Chemistry and Physics},
  year    = {2007},
  volume  = {7},
  number  = {8},
  pages   = {1961--1971},
  doi     = {10.5194/acp-7-1961-2007}
}

@article{KnopfAlpert2013_Faraday,
  author  = {Knopf, Daniel A. and Alpert, Peter A.},
  title   = {A water activity based model of heterogeneous ice nucleation kinetics for freezing of water and aqueous solution droplets},
  journal = {Faraday Discussions},
  year    = {2013},
  volume  = {165},
  pages   = {513--534},
  doi     = {10.1039/C3FD00035D}
}


@article{AlpertKnopf2016_ACP,
  author  = {Alpert, Peter A. and Knopf, Daniel A.},
  title   = {Analysis of isothermal and cooling-rate-dependent immersion freezing by a unifying stochastic ice nucleation model},
  journal = {Atmospheric Chemistry and Physics},
  year    = {2016},
  volume  = {16},
  pages   = {2083--2107},
  doi     = {10.5194/acp-16-2083-2016}
}


@article{Jayne2000_AST_AMS,
  author  = {Jayne, John T. and Leard, Danna C. and Zhang, Xuefeng and Davidovits, Paul and Smith, Kenneth A. and Kolb, Charles E. and Worsnop, Douglas R.},
  title   = {Development of an Aerosol Mass Spectrometer for Size and Composition Analysis of Submicron Particles},
  journal = {Aerosol Science and Technology},
  year    = {2000},
  volume  = {33},
  number  = {1-2},
  pages   = {49--70},
  doi     = {10.1080/027868200410840}
}

@article{DeCarlo2006_AnalChem_HRToFAMS,
  author  = {DeCarlo, Peter F and Kimmel, Joel R and Trimborn, Achim and Northway, Megan J and Jayne, John T and Aiken, Allison C and Gonin, Marc and Fuhrer, Katrin and Horvath, Thomas and Docherty, Kenneth S. and Worsnop, Douglas R. and Jimenez, Jose L.},
  title   = {Field-Deployable, High-Resolution, Time-of-Flight Aerosol Mass Spectrometer},
  journal = {Analytical Chemistry},
  year    = {2006},
  volume  = {78},
  number  = {24},
  pages   = {8281--8289},
  doi     = {10.1021/ac061249n}
}


@article{Knutson1975_JAS_DMA,
  author  = {Knutson, E. O. and Whitby, K. T.},
  title   = {Aerosol classification by electric mobility: apparatus, theory, and applications},
  journal = {Journal of Aerosol Science},
  year    = {1975},
  volume  = {6},
  number  = {6},
  pages   = {443--451},
  doi     = {10.1016/0021-8502(75)90060-9}
}


@article{Wang1990_AST_SEMS,
  author  = {Wang, Shih Chen and Flagan, Richard C},
  title   = {Scanning electrical mobility spectrometer},
  journal = {Aerosol Science and Technology},
  year    = {1990},
  volume  = {13},
  number  = {2},
  pages   = {230--240},
  doi     = {10.1080/02786829008959441}
}

@article{Schwarz2006_JGR_SP2,
  author  = {Schwarz, Joshua P. and Gao, R.-S. and Fahey, David W. and Thomson, David S. and Watts, Lance A. and Wilson, Jared C. and Reeves, J. Mark and Darbeheshti, Mohammad and Baumgardner, Darrel G. and Kok, Greg and Chung, S.-H. and Schulz, Michael and Hendricks, Johannes and Lauer, Axel and K{\"a}rcher, Bernd and Slowik, Jay G. and Rosenlof, Karen H. and Thompson, Timothy L. and Langford, Andrew O. and Loewenstein, Max and Aikin, Kenneth C.},
  title   = {Single-particle measurements of midlatitude black carbon and light-scattering aerosols from the boundary layer to the lower stratosphere},
  journal = {Journal of Geophysical Research: Atmospheres},
  year    = {2006},
  volume  = {111},
  pages   = {D16207},
  doi     = {10.1029/2006JD007076}
}

@article{Schwarz2008_JGR_SP2,
  author={Schwarz, Joshua P and Spackman, JR and Fahey, DW and Gao, RS and Lohmann, U and Stier, P and Watts, LA and Thomson, DS and Lack, DA and Pfister, L and others},
  title   = {Coatings and their enhancement of black carbon light absorption in the tropical atmosphere},
  journal = {Journal of Geophysical Research: Atmospheres},
  year    = {2008},
  volume  = {113},
  pages   = {D03203},
  doi     = {10.1029/2007JD009042}
}


@article{Zelenyuk2015_JASMS_miniSPLAT,
  author  = {Zelenyuk, Alla and Imre, Dan and Wilson, Jacqueline M. and Zhang, Zhiyuan and Wang, Jun and Mueller, Klaus},
  title   = {Airborne Single Particle Mass Spectrometers ({SPLAT} II \& mini{SPLAT}) and New Software for Data Visualization and Analysis in a Geo-Spatial Context},
  journal = {Journal of the American Society for Mass Spectrometry},
  year    = {2015},
  volume  = {26},
  number  = {2},
  pages   = {257--270},
  doi     = {10.1007/s13361-014-1043-4}
}

@article{PyMieScatt,
  author  = {Sumlin, Benjamin J. and Heinson, William R. and Chakrabarty, Rajan K.},
  title   = {Retrieving the aerosol complex refractive index using PyMieScatt: A Mie computational package with visualization capabilities},
  journal = {Journal of Quantitative Spectroscopy and Radiative Transfer},
  year    = {2018},
  volume  = {205},
  pages   = {127--134},
  doi     = {10.1016/j.jqsrt.2017.10.012},
  note    = {Software: \url{https://github.com/bsumlin/PyMieScatt}}
}

@article{McGraw1997_AST_QMOM,
  author  = {McGraw, Robert},
  title   = {Description of aerosol dynamics by the quadrature method of moments},
  journal = {Aerosol Science and Technology},
  year    = {1997},
  volume  = {27},
  number  = {2},
  pages   = {255--265},
  doi     = {10.1080/02786829708965471}
}

@article{beeler2022acp,
  title={Constraining the particle-scale diversity of black carbon light absorption using a unified framework},
  author={Beeler, Payton and Chakrabarty, Rajan K},
  journal={Atmospheric Chemistry and Physics},
  volume={22},
  number={22},
  pages={14825--14836},
  year={2022},
  publisher={Copernicus GmbH}
}


@article{Fierce2017_BAMS_mixing_state,
  title={Toward reduced representation of mixing state for simulating aerosol effects on climate},
  author={Fierce, Laura and Riemer, Nicole and Bond, Tami C},
  journal={Bulletin of the American Meteorological Society},
  volume={98},
  number={5},
  pages={971--980},
  year={2017}
}


@book{Solomon2007_IPCCAR4_WG1,
  editor    = {Solomon, Susan and Qin, Dahe and Manning, Martin and Marquis, Melinda and Averyt, Kristen and Tignor, Melinda and Miller, Henry LeRoy and Chen, Zhenlin},
  title     = {Climate Change 2007: The Physical Science Basis},
  publisher = {Cambridge University Press},
  address   = {Cambridge, UK and New York, USA},
  year      = {2007},
  note      = {IPCC AR4 WG1}
}

@article{Carslaw2013_Nature_uncertainty,
  author  = {Carslaw, Ken S. and Lee, Lindsay A. and Reddington, Carly L. and Pringle, Kirsty J. and Mann, Graham W. and Spracklen, Dominick V. and Woodhouse, Matthew T. and Regayre, Leighton A. and Pierce, Jeffrey R.},
  title   = {Large contribution of natural aerosols to uncertainty in indirect forcing},
  journal = {Nature},
  year    = {2013},
  volume  = {503},
  pages   = {67--71},
  doi     = {10.1038/nature12674}
}

@article{Lee2013_ACP_CCNuncrt,
  author={Lee, LA and Pringle, KJ and Reddington, CL and Mann, GW and Stier, P and Spracklen, DV and Pierce, JR and Carslaw, KS},
  title   = {The magnitude and causes of uncertainty in global model simulations of cloud condensation nuclei},
  journal = {Atmospheric Chemistry and Physics},
  year    = {2013},
  volume  = {13},
  pages   = {8879--8914},
  doi     = {10.5194/acp-13-8879-2013}
}

@article{Regayre2018_ACP_ERF,
  title={Aerosol and physical atmosphere model parameters are both important sources of uncertainty in aerosol {ERF}},
  author={Regayre, Leighton A and Johnson, Jill S and Yoshioka, Masaru and Pringle, Kirsty J and Sexton, David MH and Booth, Ben BB and Lee, Lindsay A and Bellouin, Nicolas and Carslaw, Kenneth S},
  journal={Atmospheric Chemistry and Physics},
  volume={18},
  number={13},
  pages={9975--10006},
  year={2018},
  publisher={Copernicus GmbH}
}

@article{Johnson2020_ACP_constraint,
  title={Robust observational constraint of uncertain aerosol processes and emissions in a climate model and the effect on aerosol radiative forcing},
  author={Johnson, Jill S and Regayre, Leighton A and Yoshioka, Masaru and Pringle, Kirsty J and Turnock, Steven T and Sexton, David MH and Rostron, John W and Schutgens, Nick AJ and Partridge, Daniel G and Liu, Dantong and others},
  journal={Atmospheric Chemistry and Physics},
  volume={20},
  number={15},
  pages={9491--9524},
  year={2020},
  publisher={Copernicus GmbH}
}


@article{textor2006_ACP_AeroCom,
  title={Analysis and quantification of the diversities of aerosol life cycles within AeroCom},
  author={Textor, Christiane and Schulz, M and Guibert, S and Kinne, Stefan and Balkanski, Yves and Bauer, S and Berntsen, T and Berglen, T and Boucher, Olivier and Chin, M and others},
  journal={Atmospheric Chemistry and Physics},
  volume={6},
  number={7},
  pages={1777--1813},
  year={2006},
  publisher={Copernicus GmbH}
}

@article{Myhre2013_ACP_RF_AeroComII,
  title={Radiative forcing of the direct aerosol effect from AeroCom Phase II simulations},
  author={Myhre, Gunnar and Samset, Bj{\o}rn Hallvard and Schulz, M and Balkanski, Yves and Bauer, S and Berntsen, Terje Koren and Bian, Huisheng and Bellouin, Nicolas and Chin, M and Diehl, T and others},
  journal={Atmospheric Chemistry and Physics},
  volume={13},
  number={4},
  pages={1853--1877},
  year={2013},
  publisher={Copernicus GmbH}
}

@article{Pincus2016_GMD_RFMIP,
  title={The radiative forcing model intercomparison project (RFMIP): Experimental protocol for CMIP6},
  author={Pincus, Robert and Forster, Piers M and Stevens, Bjorn},
  journal={Geoscientific Model Development},
  volume={9},
  number={9},
  pages={3447--3460},
  year={2016},
  publisher={Copernicus GmbH}
}

@article{Eyring2020_GMD_ESMValTool2,
  title={{ESMValTool} v2. 0--Extended set of large-scale diagnostics for quasi-operational and comprehensive evaluation of Earth system models in {CMIP}},
  author={Eyring, Veronika and Bock, Lisa and Lauer, Axel and Righi, Mattia and Schlund, Manuel and Andela, Bouwe and Arnone, Enrico and Bellprat, Omar and Br{\"o}tz, Bj{\"o}rn and Caron, Louis-Phillippe and others},
  journal={Geoscientific Model Development Discussions},
  volume={2019},
  pages={1--81},
  year={2019},
  publisher={G{\"o}ttingen, Germany}
}


@article{Mann2012_ACP_modal_sectional,
  title={Intercomparison of modal and sectional aerosol microphysics representations within the same 3-D global chemical transport model},
  author={Mann, Graham W and Carslaw, KS and Ridley, DA and Spracklen, DV and Pringle, KJ and Merikanto, J and Korhonen, H and Schwarz, JP and Lee, LA and Manktelow, PT and others},
  journal={Atmospheric Chemistry and Physics},
  volume={12},
  number={10},
  pages={4449--4476},
  year={2012},
  publisher={Copernicus Publications G{\"o}ttingen, Germany}
}

@article{Matsui2013_JGR_BC_mixing_state,
  title={Development and validation of a black carbon mixing state resolved three-dimensional model: Aging processes and radiative impact},
  author={Matsui, H and Koike, Makoto and Kondo, Yutaka and Moteki, N and Fast, Jerome D and Zaveri, Rahul A},
  journal={Journal of Geophysical Research: Atmospheres},
  volume={118},
  number={5},
  pages={2304--2326},
  year={2013},
  publisher={Wiley Online Library}
}

@article{Pierce2002_JGR_TOMAS,
  title={Predicting global aerosol size distributions in general circulation models},
  author={Adams, Peter J and Seinfeld, John H},
  journal={Journal of Geophysical Research: Atmospheres},
  volume={107},
  number={D19},
  pages={AAC--4},
  year={2002},
  publisher={Wiley Online Library}
}

@article{Lee2012_AST_TOMAS_fast,
  title={A fast and efficient version of the TwO-Moment Aerosol Sectional ({TOMAS}) global aerosol microphysics model},
  author={Lee, YH and Adams, PJ},
  journal={Aerosol Science and Technology},
  volume={46},
  number={6},
  pages={678--689},
  year={2012},
  publisher={Taylor \& Francis}
}

@article{Zheng2021_ACP_MAM4_mixing_state,
  title={Quantifying the structural uncertainty of the aerosol mixing state representation in a modal model},
  author={Zheng, Zhonghua and West, Matthew and Zhao, Lei and Ma, Po-Lun and Liu, Xiaohong and Riemer, Nicole},
  journal={Atmospheric Chemistry and Physics},
  volume={21},
  number={23},
  pages={17727--17741},
  year={2021},
  publisher={Copernicus GmbH}
}


@article{Stier2005_ACP_ECHAM5HAM,
  title={The aerosol-climate model {ECHAM5-HAM}},
  author={Stier, Philip and Feichter, Johann and Kinne, Stefan and Kloster, Silvia and Vignati, Elisabetta and Wilson, Julian and Ganzeveld, Laurence and Tegen, Ina and Werner, Martin and Balkanski, Yves and others},
  journal={Atmospheric Chemistry and Physics},
  volume={5},
  number={4},
  pages={1125--1156},
  year={2005},
  publisher={Copernicus GmbH}
}

@article{Sartelet2020_Atmosphere_SSHAerosol,
  title={{SSH}-aerosol v1. 1: A modular box model to simulate the evolution of primary and secondary aerosols},
  author={Sartelet, Karine and Couvidat, Florian and Wang, Zhizhao and Flageul, C{\'e}dric and Kim, Youngseob},
  journal={Atmosphere},
  volume={11},
  number={5},
  pages={525},
  year={2020},
  publisher={MDPI}
}