@article{Riemer2009_JGR_PartMC,
  author  = {Riemer, Nicole and West, Matthew and Zaveri, Rahul A. and Easter, Richard C.},
  title   = {Simulating the evolution of soot mixing state with a particle-resolved aerosol model},
  journal = {Journal of Geophysical Research: Atmospheres},
  year    = {2009},
  volume  = {114},
  pages   = {D09202},
  doi     = {10.1029/2008JD011073}
}

@article{Zaveri2008_JGR_MOSAIC,
  author  = {Zaveri, Rahul A. and Easter, Richard C. and Fast, Jerome D. and Peters, Leonid K.},
  title   = {Model for Simulating Aerosol Interactions and Chemistry (MOSAIC)},
  journal = {Journal of Geophysical Research: Atmospheres},
  year    = {2008},
  volume  = {113},
  pages   = {D13204},
  doi     = {10.1029/2007JD008782}
}

@article{Liu2016_GMD_MAM4,
  author  = {Liu, X. and Ma, P.-L. and Wang, H. and Tilmes, S. and Singh, B. and Easter, R. C. and Ghan, S. J. and Rasch, P. J.},
  title   = {Description and evaluation of a new four-mode version of the Modal Aerosol Module (MAM4) within version 5.3 of the Community Atmosphere Model},
  journal = {Geoscientific Model Development},
  year    = {2016},
  volume  = {9},
  pages   = {505--522},
  doi     = {10.5194/gmd-9-505-2016}
}

@article{Bauer2008_ACP_MATRIX,
  author  = {Bauer, Susanne E. and Wright, Douglas L. and Koch, Dorothy and Lewis, Ernie R. and McGraw, Robert and Chang, Lim-Seok and Schwartz, Stephen E. and Ruedy, Reto},
  title   = {{MATRIX} (Multiconfiguration Aerosol {TR}acker of m{IX}ing state): an aerosol microphysical module for global atmospheric models},
  journal = {Atmospheric Chemistry and Physics},
  year    = {2008},
  volume  = {8},
  pages   = {6003--6035},
  doi     = {10.5194/acp-8-6003-2008}
}

@article{Tilmes2023_GMD_CARMA,
  author  = {Tilmes, Simone and Mills, Michael J. and Zhu, Yunqian and Bardeen, Charles G. and Vitt, Francis and Yu, Pengfei and Fillmore, David and Liu, Xiaohong and Toon, Owen B. and Deshler, Terry},
  title   = {Description and performance of a sectional aerosol microphysical model in the Community Earth System Model (CESM2)},
  journal = {Geoscientific Model Development},
  year    = {2023},
  volume  = {16},
  pages   = {6087--6117},
  doi     = {10.5194/gmd-16-6087-2023}
}

@article{Fierce2013_JGR,
  author  = {Fierce, Laura and Riemer, Nicole and Bond, Tami C.},
  title   = {When is cloud condensation nuclei activity sensitive to particle mixing state?},
  journal = {Journal of Geophysical Research: Atmospheres},
  year    = {2013},
  volume  = {118},
  number  = {24},
  pages   = {13476--13488},
  doi     = {10.1002/2013JD020608}
}

@article{Fierce2017_JGR,
  author  = {Fierce, Laura and McGraw, Robert L.},
  title   = {Multivariate quadrature for representing cloud condensation nuclei activity of aerosol populations},
  journal = {Journal of Geophysical Research: Atmospheres},
  year    = {2017},
  volume  = {122},
  number  = {18},
  pages   = {9867--9878},
  doi     = {10.1002/2016JD026335}
}

@article{Fierce2016_NatComm,
  author  = {Fierce, Laura and Bond, Tami C. and Bauer, Susanne E. and Mena, Francisco and Riemer, Nicole},
  title   = {Black carbon absorption at the global scale is affected by particle-scale diversity in composition},
  journal = {Nature Communications},
  year    = {2016},
  volume  = {7},
  pages   = {12361},
  doi     = {10.1038/ncomms12361}
}

@article{Fierce2020_PNAS,
  author  = {Fierce, Laura and Onasch, Timothy B. and Cappa, Christopher D. and Mazzoleni, Claudio and China, Swarup and Bhandari, Janarjan and Davidovits, Paul and Fischer, Daniel A. and Helgestad, Taylor J. and Lambe, Andrew T. and Sedlacek, Arthur J. and Smith, Geoffrey D. and Wolff, Lindsay},
  title   = {Radiative absorption enhancements by black carbon controlled by particle-to-particle heterogeneity in composition},
  journal = {Proceedings of the National Academy of Sciences},
  year    = {2020},
  volume  = {117},
  number  = {10},
  pages   = {5196--5203},
  doi     = {10.1073/pnas.1919723117}
}

@article{Fierce2015_ACP,
  author  = {Fierce, Laura and Riemer, Nicole and Bond, Tami C. and Bauer, Susanne E. and Mena, Francisco and West, Matthew},
  title   = {Explaining variance in black carbon's aging timescale and its implications for absorption enhancement: a particle-resolved modeling study},
  journal = {Atmospheric Chemistry and Physics},
  year    = {2015},
  volume  = {15},
  pages   = {3173--3191},
  doi     = {10.5194/acp-15-3173-2015}
}

@article{Fierce2024_JAS,
  author  = {Fierce, Laura and Yao, Yu and Easter, Richard C. and Ma, Po-Lun and Sun, Jian and Wan, Hui and Zhang, Kai},
  title   = {Quantifying structural errors in cloud condensation nuclei activity from reduced representation of aerosol size distributions},
  journal = {Journal of Aerosol Science},
  year    = {2024},
  volume  = {181},
  pages   = {106388},
  doi     = {10.1016/j.jaerosci.2024.106388}
}

@article{Zheng2022_ACP_mixing_state,
  author  = {Yao, Yixuan and Curtis, Jeffrey H. and Ching, Jason and Zheng, Zhonghua and Riemer, Nicole},
  title   = {Quantifying the effects of mixing state on aerosol optical properties},
  journal = {Atmospheric Chemistry and Physics},
  year    = {2022},
  volume  = {22},
  pages   = {9265--9282},
  doi     = {10.5194/acp-22-9265-2022}
}

@article{Petters2007_ACP,
  author  = {Petters, Markus D. and Kreidenweis, Sonia M.},
  title   = {A single parameter representation of hygroscopic growth and cloud condensation nucleus activity},
  journal = {Atmospheric Chemistry and Physics},
  year    = {2007},
  volume  = {7},
  number  = {8},
  pages   = {1961--1971},
  doi     = {10.5194/acp-7-1961-2007}
}

@article{KnopfAlpert2013_Faraday,
  author  = {Knopf, Daniel A. and Alpert, Peter A.},
  title   = {A water activity based model of heterogeneous ice nucleation kinetics for freezing of water and aqueous solution droplets},
  journal = {Faraday Discussions},
  year    = {2013},
  volume  = {165},
  pages   = {513--534},
  doi     = {10.1039/C3FD00035D}
}

@article{AlpertKnopf2016_ACP,
  author  = {Alpert, Peter A. and Knopf, Daniel A.},
  title   = {Analysis of isothermal and cooling-rate-dependent immersion freezing by a unifying stochastic ice nucleation model},
  journal = {Atmospheric Chemistry and Physics},
  year    = {2016},
  volume  = {16},
  pages   = {2083--2107},
  doi     = {10.5194/acp-16-2083-2016}
}

@article{Jayne2000_AST_AMS,
  author  = {Jayne, John T. and Leard, Danna C. and Zhang, Xuefeng and Davidovits, Paul and Smith, Kenneth A. and Kolb, Charles E. and Worsnop, Douglas R.},
  title   = {Development of an Aerosol Mass Spectrometer for Size and Composition Analysis of Submicron Particles},
  journal = {Aerosol Science and Technology},
  year    = {2000},
  volume  = {33},
  number  = {1-2},
  pages   = {49--70},
  doi     = {10.1080/027868200410840}
}

@article{DeCarlo2006_AnalChem_HRToFAMS,
  author  = {DeCarlo, Peter F. and Kimmel, Jay R. and Trimborn, Andrew and Northway, Mark J. and Jayne, John T. and Aiken, Allison C. and Gonin, Marc and Fuhrer, Karl and Horvath, Timothy and Docherty, Kenneth S. and Worsnop, Douglas R. and Jimenez, Jose L.},
  title   = {Field-Deployable, High-Resolution, Time-of-Flight Aerosol Mass Spectrometer},
  journal = {Analytical Chemistry},
  year    = {2006},
  volume  = {78},
  number  = {24},
  pages   = {8281--8289},
  doi     = {10.1021/ac061249n}
}

@article{Knutson1975_JAS_DMA,
  author  = {Knutson, E. O. and Whitby, K. T.},
  title   = {Aerosol classification by electric mobility: apparatus, theory, and applications},
  journal = {Journal of Aerosol Science},
  year    = {1975},
  volume  = {6},
  number  = {6},
  pages   = {443--451},
  doi     = {10.1016/0021-8502(75)90060-9}
}

@article{Wang1990_AST_SEMS,
  author  = {Wang, S.-C. and Flagan, Richard C.},
  title   = {Scanning electrical mobility spectrometer},
  journal = {Aerosol Science and Technology},
  year    = {1990},
  volume  = {13},
  number  = {2},
  pages   = {230--240},
  doi     = {10.1080/02786829008959441}
}

@article{Schwarz2006_JGR_SP2,
  author  = {Schwarz, Joshua P. and Gao, R.-S. and Fahey, David W. and Thomson, David S. and Watts, Lance A. and Wilson, Jared C. and Reeves, J. Mark and Darbeheshti, Mohammad and Baumgardner, Darrel G. and Kok, Greg and Chung, S.-H. and Schulz, Michael and Hendricks, Johannes and Lauer, Axel and K{\"a}rcher, Bernd and Slowik, Jay G. and Rosenlof, Karen H. and Thompson, Timothy L. and Langford, Andrew O. and Loewenstein, Max and Aikin, Kenneth C.},
  title   = {Single-particle measurements of midlatitude black carbon and light-scattering aerosols from the boundary layer to the lower stratosphere},
  journal = {Journal of Geophysical Research: Atmospheres},
  year    = {2006},
  volume  = {111},
  pages   = {D16207},
  doi     = {10.1029/2006JD007076}
}

@article{Schwarz2008_JGR_SP2,
  author  = {Schwarz, Joshua P. and Spackman, Jamie R. and Fahey, David W. and Gao, R.-S. and Lohmann, Ulrike and Stier, Philip and Watts, Lance A. and Thomson, David S. and Lack, Daniel A. and Pfister, Leonhard and Mahoney, Michael J. and Baumgardner, Darrel G. and Wilson, Jared C. and Reeves, J. Mark},
  title   = {Coatings and their enhancement of black carbon light absorption in the tropical atmosphere},
  journal = {Journal of Geophysical Research: Atmospheres},
  year    = {2008},
  volume  = {113},
  pages   = {D03203},
  doi     = {10.1029/2007JD009042}
}

@article{Zelenyuk2015_JASMS_miniSPLAT,
  author  = {Zelenyuk, Alla and Imre, Dan and Wilson, Jacqueline M. and Zhang, Zhiyuan and Wang, Jun and Mueller, Klaus},
  title   = {Airborne Single Particle Mass Spectrometers (SPLAT II \& miniSPLAT) and New Software for Data Visualization and Analysis in a Geo-Spatial Context},
  journal = {Journal of the American Society for Mass Spectrometry},
  year    = {2015},
  volume  = {26},
  number  = {2},
  pages   = {257--270},
  doi     = {10.1007/s13361-014-1043-4}
}

@article{PyMieScatt,
  author  = {Sumlin, Benjamin J. and Heinson, William R. and Chakrabarty, Rajan K.},
  title   = {Retrieving the aerosol complex refractive index using PyMieScatt: A Mie computational package with visualization capabilities},
  journal = {Journal of Quantitative Spectroscopy and Radiative Transfer},
  year    = {2018},
  volume  = {205},
  pages   = {127--134},
  doi     = {10.1016/j.jqsrt.2017.10.012},
  note    = {Software: \url{https://github.com/bsumlin/PyMieScatt}}
}

@article{McGraw1997_AST_QMOM,
  author  = {McGraw, Robert},
  title   = {Description of aerosol dynamics by the quadrature method of moments},
  journal = {Aerosol Science and Technology},
  year    = {1997},
  volume  = {27},
  number  = {2},
  pages   = {255--265},
  doi     = {10.1080/02786829708965471}
}

@article{beeler2022acp,
  title={Constraining the particle-scale diversity of black carbon light absorption using a unified framework},
  author={Beeler, Payton and Chakrabarty, Rajan K},
  journal={Atmospheric Chemistry and Physics},
  volume={22},
  number={22},
  pages={14825--14836},
  year={2022},
  publisher={Copernicus GmbH}
}

@article{Fierce2017_BAMS_mixing_state,
  title={Toward reduced representation of mixing state for simulating aerosol effects on climate},
  author={Fierce, Laura and Riemer, Nicole and Bond, Tami C},
  journal={Bulletin of the American Meteorological Society},
  volume={98},
  number={5},
  pages={971--980},
  year={2017}
}