@article{Dax:2021tsq,
    author = {Dax, Maximilian and Green, Stephen R. and Gair, Jonathan and Macke, Jakob H. and Buonanno, Alessandra and Sch\"olkopf, Bernhard},
    title = "{Real-Time Gravitational Wave Science with Neural Posterior Estimation}",
    eprint = "2106.12594",
    archivePrefix = "arXiv",
    primaryClass = "gr-qc",
    reportNumber = "LIGO-P2100223",
    doi = "10.1103/PhysRevLett.127.241103",
    journal = "Phys. Rev. Lett.",
    volume = "127",
    number = "24",
    pages = "241103",
    year = "2021"
}

@article{Dax:2021myb,
    author = {Dax, Maximilian and Green, Stephen R. and Gair, Jonathan and Deistler, Michael and Sch\"olkopf, Bernhard and Macke, Jakob H.},
    title = "{Group equivariant neural posterior estimation}",
    eprint = "2111.13139",
    archivePrefix = "arXiv",
    primaryClass = "cs.LG",
    year = "2022",
    journal={International Conference on Learning Representations}
}

@article{Dax:2022pxd,
    author = {Dax, Maximilian and Green, Stephen R. and Gair, Jonathan and P\"urrer, Michael and Wildberger, Jonas and Macke, Jakob H. and Buonanno, Alessandra and Sch\"olkopf, Bernhard},
    title = "{Neural Importance Sampling for Rapid and Reliable Gravitational-Wave Inference}",
    eprint = "2210.05686",
    archivePrefix = "arXiv",
    primaryClass = "gr-qc",
    reportNumber = "LIGO-P2200297",
    month = "10",
    year = "2022",
    journal = {},
}

@article{Green:2020hst,
    author = "Green, Stephen R. and Simpson, Christine and Gair, Jonathan",
    title = "{Gravitational-wave parameter estimation with autoregressive neural network flows}",
    eprint = "2002.07656",
    archivePrefix = "arXiv",
    primaryClass = "astro-ph.IM",
    reportNumber = "LIGO-P2000053",
    doi = "10.1103/PhysRevD.102.104057",
    journal = "Phys. Rev. D",
    volume = "102",
    pages = "104057",
    year = "2020"
}

@article{Green:2020dnx,
    author = "Green, Stephen R. and Gair, Jonathan",
    title = "{Complete parameter inference for GW150914 using deep learning}",
    eprint = "2008.03312",
    archivePrefix = "arXiv",
    primaryClass = "astro-ph.IM",
    reportNumber = "LIGO-P2000282",
    doi = "10.1088/2632-2153/abfaed",
    journal = "Mach. Learn. Sci. Tech.",
    volume = "2",
    number = "3",
    pages = "03LT01",
    year = "2021"
}

@article{Wildberger:2022agw,
    author = {Wildberger, Jonas and Dax, Maximilian and Green, Stephen R. and Gair, Jonathan and P\"urrer, Michael and Macke, Jakob H. and Buonanno, Alessandra and Sch\"olkopf, Bernhard},
    title = "{Adapting to noise distribution shifts in flow-based gravitational-wave inference}",
    eprint = "2211.08801",
    archivePrefix = "arXiv",
    primaryClass = "gr-qc",
    month = "11",
    year = "2022",
    journal = {},
}
