@article{Herb2025,
  title = {{QuantumDNA}: {A} Python Package for Analyzing Quantum Charge Dynamics in {DNA} and Exploring Its Biological Relevance},
  author = {Herb, Dennis and Trenti, Marco and Mantela, Marilena and Simserides, Constantinos and Ankerhold, Joachim and Rossini, Mirko},
  journal = {Computer Physics Communications},
  volume = {313},
  pages = {109626},
  doi = {10.1016/j.cpc.2025.109626}
}
