@article{auricchio2013approximation,
  title={Approximation of incompressible large deformation elastic problems: some unresolved issues},
  author={Auricchio, Ferdinando and Beir{\~a}o da Veiga, Louren{\c{c}}o and Lovadina, Carlo and Reali, Alessandro and Taylor, Robert L and Wriggers, Peter},
  journal={Computational Mechanics},
  volume={52},
  pages={1153--1167},
  year={2013},
  publisher={Springer}
}
