@BOOK{bjorner-brenti-05,
  title     = "Combinatorics of coxeter groups",
  author    = "Bj{\"{o}}rner, Anders and Brenti, Francesco",
  publisher = "Springer-Verlag",
  address   = "New York",
  year      =  2005,
  language  = "en"
}

@ARTICLE{ehrenborg-goresky-readdy-15,
  title     = "Euler flag enumeration of Whitney stratified spaces",
  author    = "Ehrenborg, Richard and Goresky, Mark and Readdy, Margaret",
  journal   = "Adv. Math. (N. Y.)",
  publisher = "Elsevier BV",
  volume    =  268,
  pages     = "85--128",
  month     =  jan,
  year      =  2015,
  language  = "en"
}

@MISC{askubuntu-imagemagick,
  title        = "Imagemagick - convert not allowed",
  booktitle    = "Ask Ubuntu",
  howpublished = "\url{https://askubuntu.com/questions/1127260/imagemagick-convert-not-allowed}",
  note         = "Accessed: 2024-9-16",
  language     = "en"
}

@BOOK{stanley-12,
  title     = "Enumerative combinatorics. Volume 1",
  author    = "Stanley, Richard P",
  publisher = "Cambridge University Press, Cambridge",
  edition   = "Second",
  volume    =  49,
  pages     = "xiv+626",
  series    = "Cambridge Studies in Advanced Mathematics",
  year      =  2012
}

@ARTICLE{lam-15,
  title   = "The uncrossing partial order on matchings is Eulerian",
  author  = "Lam, Thomas",
  journal = "J. Combin. Theory Ser. A",
  volume  =  135,
  pages   = "105--111",
  year    =  2015
}

@INCOLLECTION{bayer-21,
  title     = "The $cd$-index: a survey",
  author    = "Bayer, Margaret M",
  booktitle = "Polytopes and discrete geometry",
  publisher = "Amer. Math. Soc., Providence, RI",
  volume    =  764,
  pages     = "1--19",
  series    = "Contemp. Math.",
  year      =  2021
}

@ARTICLE{billera-ehrenborg-00,
  title   = "Monotonicity of the cd-index for polytopes",
  author  = "Billera, Louis J and Ehrenborg, Richard",
  journal = "Math. Z.",
  volume  =  233,
  number  =  3,
  pages   = "421--441",
  year    =  2000
}

@ARTICLE{karu-06,
  title   = "The $cd$-index of fans and posets",
  author  = "Karu, Kalle",
  journal = "Compos. Math.",
  volume  =  142,
  number  =  3,
  pages   = "701--718",
  year    =  2006
}

@BOOK{birkhoff-67,
  title     = "Lattice theory",
  author    = "Birkhoff, Garrett",
  publisher = "American Mathematical Society, Providence, R.I.",
  edition   = "Third",
  pages     = "vi+418",
  series    = "American Mathematical Society Colloquium Publications, Vol. XXV",
  year      =  1967
}

@ARTICLE{gustafson-23,
  title   = "Lattice minors and Eulerian posets",
  author  = "Gustafson, William",
  journal = "Theses and Dissertations--Mathematics",
  volume  =  96,
  year    =  2023
}

@ARTICLE{juhnke-kubitzke-24,
  title         = "The $cd$-index of semi-Eulerian posets",
  author        = "Juhnke-Kubitzke, Martina and Samper, Jos\'{e} Alejandro and
                   Venturello, Lorenzo",
  journal       = "arXiv [math.CO]",
  abstract      = "We generalize the definition of the $cd$-index of an Eulerian
                   poset to the class of semi-Eulerian posets. For simplicial
                   semi-Eulerian Buchsbaum posets, we show that all coefficients
                   of the $cd$-index are non-negative. This proves a conjecture
                   of Novik for odd dimensional manifolds and extends it to the
                   even dimensional case.",
  month         =  may,
  year          =  2024,
  archivePrefix = "arXiv",
  primaryClass  = "math.CO"
}
