@article{narayanan2024aviary,
  title={Aviary: training language agents on challenging scientific tasks},
  author={Narayanan, Siddharth and Braza, James D and Griffiths, Ryan-Rhys and Ponnapati, Manu and Bou, Albert and Laurent, Jon and Kabeli, Ori and Wellawatte, Geemi and Cox, Sam and Rodriques, Samuel G and others},
  journal={arXiv preprint arXiv:2412.21154},
  year={2024}
}
