@article{deVries2024cascade,
  title={CASCADE: Dataset of extant coccolithophore size, carbon content and global distribution},
  author={De Vries, J. and Poulton, A. J. and Young, J. R. and Monteiro, F. M. and Sheward, R. M. and Johnson, R. and Hagino, K. and Ziveri, P. and Wolf, L. J.},
  journal={Scientific data},
  volume={11},
  number={1},
  pages={920},
  year={2024},
  publisher={Nature Publishing Group UK London}
}
@article{nissen2018factors,
  title={Factors controlling coccolithophore biogeography in the Southern Ocean},
  author={Nissen, C. and Vogt, M. and M{\"u}nnich, M. and Gruber, N. and Haumann, F. A.},
  journal={Biogeosciences},
  volume={15},
  number={22},
  pages={6997--7024},
  year={2018},
  publisher={Copernicus GmbH}
}
@article{haidar2001coccolithophore,
  title={Coccolithophore dynamics off bermuda (n. atlantic)},
  author={Haidar, A. T. and Thierstein, H. R.},
  journal={Deep Sea Research Part II: Topical Studies in Oceanography},
  volume={48},
  number={8-9},
  pages={1925--1956},
  year={2001},
  publisher={Elsevier}
}
@article{Reagan2024,
  title = {World Ocean Atlas 2023},
  author = {Reagan, J. R. and Boyer, T. P. and García, H. E. and Locarnini, R. A. and Baranova, O. K. and Bouchard, C. and Cross, S. L. and Mishonov, A. V. and Paver, C. R. and Seidov, D. and Wang, Z. and Dukhovskoy, D.},
  journal = {World Ocean Atlas},
  year = {2024},
}
@article{Castant2024,
  title = {Comprehensive gridded dataset of photosynthetically active radiation in the upper ocean from 1958 to 2022},
  author = {Castant, J. and Vantrepotte, V. and Frouin, R. and Beaugrand, G.},
  journal = {Remote Sensing of Environment},
  volume = {311},
  pages = {14305},
  year = {2024},
  doi = {10.1016/j.rse.2024.14305},
}
@article{Broullon2019,
  title = {A global monthly climatology of total alkalinity: A neural network approach},
  author = {Broullón, D. and Pérez, F. F. and Velo, A. and Hoppema, M. and Olsen, A. and Takahashi, T. and Key, R. M. and Tanhua, T. and González-Dávila, M. and Jeansson, E. and Kozyr, A. and Van Heuven, A. C. and others},
  journal = {Earth System Science Data},
  volume = {11},
  pages = {1109--1127},
  year = {2019},
  doi = {10.5194/essd-11-1109-2019},
}
@article{Broullon2020,
  title = {A global monthly climatology of oceanic total dissolved inorganic carbon: A neural network approach},
  author = {Broullón, D. and Pérez, F. F. and Velo, A. and Hoppema, M. and Olsen, A. and Takahashi, T. and Key, R. M. and Tanhua, T. and Santana-Casiano, J. M. and Kozyr, A.},
  journal = {Earth System Science Data},
  volume = {12},
  pages = {1725--1743},
  year = {2020},
  doi = {10.5194/essd-12-1725-2020},
}