@inproceedings{mqt,
  title               = {The {{MQT}} Handbook: {{A}} Summary of Design Automation Tools and Software for Quantum Computing},
  shorttitle          = {The MQT Handbook},
  author              = {Robert Wille and Lucas Berent and Tobias Forster and Jagatheesan Kunasaikaran and Kevin Mato and Tom Peham and Nils Quetschlich and Damian Rovara and Aaron Sander and Ludwig Schmid and Daniel Schoenberger and Yannick Stade and Lukas Burgholzer},
  year                = {2024},
  booktitle           = {IEEE International Conference on Quantum Software (QSW)},
  doi                 = {10.1109/QSW62656.2024.00013},
  eprint              = {2405.17543},
  eprinttype          = {arxiv},
  addendum            = {A live version of this document is available at \url{https://mqt.readthedocs.io}},
}

@misc{sander2025_CircuitTDVP,
  title               = {Quantum circuit simulation with a local time-dependent variational principle},
  author              = {Aaron Sander and Maximilian Fr\"{o}hlich and Mazen Ali and Martin Eigel and Jens Eisert and Michael Hinterm\"{u}ller and Christian B. Mendl and Richard M. Milbradt and Robert Wille},
  year                = {2025},
  url                 = {https://arxiv.org/abs/2508.10096},
  eprint              = {2508.10096},
  archiveprefix       = {arXiv},
  primaryclass        = {quant-ph},
}

@article{sander2025_EquivalenceChecking,
  title               = {Equivalence checking of quantum circuits via intermediary matrix product operator},
  author              = {Sander, Aaron and Burgholzer, Lukas and Wille, Robert},
  year                = {2025},
  month               = jun,
  journal             = {Phys. Rev. Res.},
  publisher           = {American Physical Society},
  volume              = {7},
  pages               = {023261},
  doi                 = {10.1103/3q71-y8cf},
  url                 = {https://link.aps.org/doi/10.1103/3q71-y8cf},
  issue               = {2},
  numpages            = {14},
}

@misc{sander2025_TJM,
  title               = {Large-scale stochastic simulation of open quantum systems},
  author              = {Aaron Sander and Maximilian Fr\"{o}hlich and Martin Eigel and Jens Eisert and Patrick Gel\ss{} and Michael Hinterm\"{u}ller and Richard M. Milbradt and Robert Wille and Christian B. Mendl},
  year                = {2025},
  url                 = {https://arxiv.org/abs/2501.17913},
  eprint              = {2501.17913},
  archiveprefix       = {arXiv},
  primaryclass        = {quant-ph},
}
