@inproceedings{Song2020b,
  author = {Song, Jiaming and Meng, Chenlin and Ermon, Stefano},
  title = {Denoising Diffusion Implicit Models},
  booktitle = {International Conference on Learning Representations (ICLR)},
  year = {2021}
}

@article{Lu2022,
  author = {Lu, Cheng and Zhou, Yuhao and Bao, Fan and Chen, Jianfei and Li, Chongxuan and Zhu, Jun},
  title = {DPM-Solver++: Fast Solver for Guided Sampling of Diffusion Probabilistic Models},
  journal = {arXiv preprint arXiv:2211.01095},
  year = {2022}
}

@inproceedings{Chung2022,
  author = {Chung, Hyungjin and Kim, Jeongsol and Mccann, Michael T. and Klasky, Marc L. and Ye, Jong Chul},
  title = {Diffusion Posterior Sampling for General Noisy Inverse Problems},
  booktitle = {International Conference on Learning Representations (ICLR)},
  year = {2023}
}

@inproceedings{Liu2022,
  author = {Liu, Xingchao and Gong, Chengyue and Liu, Qiang},
  title = {Flow Straight and Fast: Learning to Generate and Transfer Data with Rectified Flow},
  booktitle = {International Conference on Learning Representations (ICLR)},
  year = {2023}
}
