@article{kennedy2001bayesian,
  title={Bayesian calibration of computer models},
  author={Kennedy, Marc C and O'Hagan, Anthony},
  journal={Journal of the Royal Statistical Society: Series B (Statistical Methodology)},
  volume={63},
  number={3},
  pages={425--464},
  year={2001},
  publisher={Wiley Online Library}
}

@book{santner2003design,
  title={The design and analysis of computer experiments},
  author={Santner, Thomas J and Williams, Brian J and Notz, William I and Williams, Brain J},
  volume={1},
  year={2003},
  publisher={Springer}
}

@book{williams2006gaussian,
  title={Gaussian processes for machine learning},
  author={Williams, Christopher KI and Rasmussen, Carl Edward},
  volume={2},
  number={3},
  year={2006},
  publisher={MIT press Cambridge, MA}
}

@book{gramacy2020surrogates,
  title={Surrogates: {Gaussian} process modeling, design, and optimization for the applied sciences},
  author={Gramacy, Robert B},
  year={2020},
  publisher={Chapman and Hall/CRC}
}
