@misc{doc_figure,
    author = "ECMWF",
    title = "{Copernicus Emergency Management Service releases GloFAS v4.0 hydrological reanalysis}",
    year = "2022",
    url = "https://www.ecmwf.int/en/about/media-centre/news/2022/copernicus-emergency-management-service-releases-glofas-v40",
    note = "[Online; accessed 29-July-2025]"
  }

@misc{earthkit,
    author = "ECMWF",
    title = "{earthkit: Python tools to work with weather and climate data}",
    year = "2022",
    url = "https://github.com/ecmwf/earthkit"
  }

@article{rastervector,
  title={{mizuRoute} version 1: a river network routing tool for a continental domain water resources applications},
  author={Mizukami, Naoki and Clark, Martyn P and Sampson, Kevin and Nijssen, Bart and Mao, Yixin and McMillan, Hilary and Viger, Roland J and Markstrom, Steve L and Hay, Lauren E and Woods, Ross and others},
  journal={Geoscientific Model Development},
  volume={9},
  number={6},
  pages={2223--2238},
  year={2016},
  publisher={Copernicus Publications G{\"o}ttingen, Germany}
}
