@inproceedings{carpentier-rss18,
  author = {Carpentier, Justin and Mansard, Nicolas},
  title = {{Analytical Derivatives of Rigid Body Dynamics Algorithms}},
  booktitle = RSS_C,
  year = {2018}
}
