@ARTICLE{testarticle,
	author = {No Name},
	title = {No Title},
	journal = {No Journal},
	year = {2024},
	otherinfo = {Purely for testing}
}

